[gd_scene load_steps=48 format=2]

[ext_resource path="res://blokoj/taskoj/scenoj/taskoj.tscn" type="PackedScene" id=1]
[ext_resource path="res://kerno/menuo/menuo.gd" type="Script" id=2]
[ext_resource path="res://kerno/menuo/scenoj/profilo_butono.tscn" type="PackedScene" id=3]
[ext_resource path="res://kerno/menuo/scenoj/tabulo_komunikado.tscn" type="PackedScene" id=4]
[ext_resource path="res://blokoj/profilo/profilo1.tscn" type="PackedScene" id=5]
[ext_resource path="res://kerno/fenestroj/demando.tscn" type="PackedScene" id=6]
[ext_resource path="res://kerno/menuo/scenoj/taskoj_butono.tscn" type="PackedScene" id=7]
[ext_resource path="res://kerno/menuo/scenoj/rcentro_butono.tscn" type="PackedScene" id=8]
[ext_resource path="res://kerno/menuo/resursoj/icons/tab4_2.png" type="Texture2D" id=9]
[ext_resource path="res://kerno/menuo/resursoj/icons/tab2_3.png" type="Texture2D" id=10]
[ext_resource path="res://blokoj/objektoj/scenoj/objektoj.tscn" type="PackedScene" id=11]
[ext_resource path="res://kerno/menuo/resursoj/icons/tab3_1.png" type="Texture2D" id=12]
[ext_resource path="res://kerno/menuo/resursoj/icons/tab1_1.png" type="Texture2D" id=13]
[ext_resource path="res://kerno/menuo/resursoj/icons/tab2_1.png" type="Texture2D" id=14]
[ext_resource path="res://kerno/menuo/resursoj/icons/icon1.png" type="Texture2D" id=15]
[ext_resource path="res://kerno/menuo/resursoj/fonts/Buttons_stylel.tres" type="StyleBox" id=16]
[ext_resource path="res://kerno/menuo/scenoj/objecto_butono.tscn" type="PackedScene" id=17]
[ext_resource path="res://kerno/menuo/resursoj/icons/icon2.png" type="Texture2D" id=18]
[ext_resource path="res://kerno/menuo/resursoj/icons/icon4.png" type="Texture2D" id=19]
[ext_resource path="res://kerno/menuo/resursoj/icons/icon3.png" type="Texture2D" id=20]
[ext_resource path="res://kerno/menuo/resursoj/icons/tab1_3.png" type="Texture2D" id=21]
[ext_resource path="res://kerno/menuo/resursoj/icons/tab3_3.png" type="Texture2D" id=22]
[ext_resource path="res://kerno/menuo/resursoj/icons/logo2.png" type="Texture2D" id=23]
[ext_resource path="res://blokoj/sciigoj/ad_1.tscn" type="PackedScene" id=24]
[ext_resource path="res://kerno/menuo/resursoj/icons/icon7.png" type="Texture2D" id=25]
[ext_resource path="res://kerno/menuo/resursoj/icons/icon6.png" type="Texture2D" id=26]
[ext_resource path="res://kerno/menuo/resursoj/icons/icon5.png" type="Texture2D" id=27]
[ext_resource path="res://kerno/menuo/resursoj/icons/tab5b.png" type="Texture2D" id=28]
[ext_resource path="res://kerno/menuo/resursoj/icons/lefticon7.png" type="Texture2D" id=29]
[ext_resource path="res://kerno/menuo/resursoj/icons/lefticon4.png" type="Texture2D" id=30]
[ext_resource path="res://kerno/menuo/resursoj/icons/lefticon3.png" type="Texture2D" id=31]
[ext_resource path="res://kerno/menuo/resursoj/icons/lefticon2.png" type="Texture2D" id=32]
[ext_resource path="res://kerno/menuo/resursoj/icons/lefticon5.png" type="Texture2D" id=33]
[ext_resource path="res://kerno/menuo/resursoj/icons/lefticon11.png" type="Texture2D" id=34]
[ext_resource path="res://kerno/menuo/scenoj/interago.tscn" type="PackedScene" id=35]
[ext_resource path="res://kerno/menuo/resursoj/icons/lefticon10.png" type="Texture2D" id=36]
[ext_resource path="res://blokoj/eliro/eliro.tscn" type="PackedScene" id=37]
[ext_resource path="res://kerno/menuo/resursoj/icons/tab3a.png" type="Texture2D" id=38]
[ext_resource path="res://blokoj/komerco/komerco.tscn" type="PackedScene" id=39]
[ext_resource path="res://kerno/menuo/resursoj/icons/window2 (3).png" type="Texture2D" id=40]
[ext_resource path="res://blokoj/objektoj/scenoj/konservejo.tscn" type="PackedScene" id=41]
[ext_resource path="res://blokoj/kosmo/scenoj/indicoj.tscn" type="PackedScene" id=42]
[ext_resource path="res://blokoj/objektoj/scenoj/proprietajxo.tscn" type="PackedScene" id=43]
[ext_resource path="res://blokoj/administri/scenoj/tempo_informpeto.tscn" type="PackedScene" id=44]
[ext_resource path="res://blokoj/administri/scenoj/main_administri.tscn" type="PackedScene" id=45]
[ext_resource path="res://blokoj/taskoj/scenoj/itinero.tscn" type="PackedScene" id=46]

[sub_resource type="Theme" id=1]

[node name="Menuo" type="Control"]
anchor_right = 1.0
anchor_bottom = 1.0
offset_right = -1600.0
offset_bottom = -1024.0
mouse_filter = 2
script = ExtResource( 2 )
__meta__ = {
"_edit_ik_": true,
"_edit_use_anchors_": false
}

[node name="CanvasLayer" type="CanvasLayer" parent="."]
follow_viewport_scale = 0.001

[node name="Label" type="Label" parent="CanvasLayer"]
anchor_top = 1.0
anchor_bottom = 1.0
offset_left = 66.0
offset_top = -14.9998
offset_right = 241.0
offset_bottom = 0.000183105
theme_override_colors/font_shadow_color = Color( 0, 0, 0, 1 )
text = "   Universo version 0.8.0-alfo"
__meta__ = {
"_edit_use_anchors_": true
}

[node name="UI" type="Control" parent="CanvasLayer"]
anchor_right = 1.0
anchor_bottom = 1.0
offset_left = 0.875396
offset_top = -0.0883865
offset_right = 0.875366
offset_bottom = -2.08838
mouse_filter = 2
__meta__ = {
"_edit_use_anchors_": false
}

[node name="Lbar" type="ColorRect" parent="CanvasLayer/UI"]
anchor_bottom = 1.001
offset_top = 64.0
offset_right = 48.0
offset_bottom = -0.0220337
theme = SubResource( 1 )
color = Color( 0.4, 0.6, 1, 0.862745 )
__meta__ = {
"_edit_use_anchors_": true
}

[node name="Lbar3" type="TextureRect" parent="CanvasLayer/UI"]
self_modulate = Color( 0.4, 0.6, 1, 0.862745 )
offset_left = -0.353981
offset_top = 50.6427
offset_right = 47.646
offset_bottom = 63.6427
texture = ExtResource( 40 )
__meta__ = {
"_edit_use_anchors_": false
}

[node name="romb" type="ColorRect" parent="CanvasLayer/UI"]
anchor_left = 0.000625
anchor_top = 3.73258e-09
anchor_right = 0.000625
anchor_bottom = 3.73258e-09
offset_left = 35.5
offset_top = 49.0
offset_right = 53.5
offset_bottom = 67.0
rotation = -45.0
color = Color( 0.4, 0.6, 1, 0.862745 )
__meta__ = {
"_edit_use_anchors_": true
}

[node name="real" type="Button" parent="CanvasLayer/UI"]
offset_left = 45.0
offset_top = -3.0
offset_right = 264.0
offset_bottom = 51.0
custom_minimum_size = Vector2( 0, 48 )
focus_mode = 0
mouse_default_cursor_shape = 2
theme_override_styles/focus = ExtResource( 16 )
focus_mode = 0
icon = ExtResource( 13 )
flat = true
__meta__ = {
"_edit_use_anchors_": true
}

[node name="realLabel" type="Label" parent="CanvasLayer/UI/real"]
anchor_right = 0.858
anchor_bottom = 1.0
offset_left = 51.0
offset_top = 38.0
offset_right = 120.098
offset_bottom = 1.0
scale = Vector2( 0.493126, 0.608793 )
text = "Многоукладный нестабильный"
valign = 2
__meta__ = {
"_edit_use_anchors_": true
}

[node name="Label" type="Label" parent="CanvasLayer/UI/real"]
offset_left = 67.0
offset_top = 15.0
offset_right = 158.0
offset_bottom = 32.0
scale = Vector2( 0.85, 0.85 )
text = "РЕАЛЬНЫЙ"
__meta__ = {
"_edit_use_anchors_": true
}

[node name="real_com_rect" type="TextureRect" parent="CanvasLayer/UI/real"]
visible = false
anchor_left = 0.027
anchor_right = 0.977
anchor_bottom = 0.955
offset_left = 0.0869999
offset_top = 37.0
offset_right = 7.03699
offset_bottom = 0.429996
scale = Vector2( 0.967, 0.97 )
texture = ExtResource( 21 )
__meta__ = {
"_edit_use_anchors_": false
}

[node name="real_cap_rect" type="TextureRect" parent="CanvasLayer/UI/real"]
visible = false
anchor_left = 0.027
anchor_right = 0.977
anchor_bottom = 0.955
offset_left = 0.0869999
offset_top = 37.0
offset_right = 7.03699
offset_bottom = 0.429996
scale = Vector2( 0.967, 0.97 )
texture = ExtResource( 22 )
__meta__ = {
"_edit_use_anchors_": true
}

[node name="com" type="Button" parent="CanvasLayer/UI"]
offset_left = 241.44
offset_top = -3.44012
offset_right = 460.44
offset_bottom = 50.5599
custom_minimum_size = Vector2( 0, 48 )
focus_mode = 0
mouse_default_cursor_shape = 2
theme_override_styles/focus = ExtResource( 16 )
focus_mode = 0
icon = ExtResource( 14 )
flat = true
__meta__ = {
"_edit_use_anchors_": true
}

[node name="comLabel" type="Label" parent="CanvasLayer/UI/com"]
visible = false
anchor_right = 1.0
anchor_bottom = 1.0
offset_left = 52.0
offset_top = 38.0
offset_right = 90.0
offset_bottom = 1.0
scale = Vector2( 0.480002, 0.56 )
size_flags_stretch_ratio = 0.0
text = "Начальный коммунистический"
__meta__ = {
"_edit_use_anchors_": false
}

[node name="Label" type="Label" parent="CanvasLayer/UI/com"]
offset_left = 68.436
offset_top = 15.0
offset_right = 160.436
offset_bottom = 32.0
scale = Vector2( 0.85, 0.85 )
text = "КОНКОРДО"
__meta__ = {
"_edit_use_anchors_": true
}

[node name="com_cap_rect" type="TextureRect" parent="CanvasLayer/UI/com"]
visible = false
anchor_left = 0.025
anchor_right = 0.975
anchor_bottom = 0.955
offset_left = 0.0850129
offset_top = 37.4401
offset_right = 7.03499
offset_bottom = 0.870117
scale = Vector2( 0.967, 0.97 )
texture = ExtResource( 22 )
__meta__ = {
"_edit_use_anchors_": true
}

[node name="com_real_rect" type="TextureRect" parent="CanvasLayer/UI/com"]
anchor_left = 0.025
anchor_right = 0.975
anchor_bottom = 0.955
offset_left = 0.0850129
offset_top = 37.4401
offset_right = 7.03499
offset_bottom = 0.870117
scale = Vector2( 0.967, 0.97 )
texture = ExtResource( 10 )
__meta__ = {
"_edit_use_anchors_": true
}

[node name="cap" type="Button" parent="CanvasLayer/UI"]
offset_left = 437.0
offset_top = -3.0
offset_right = 656.0
offset_bottom = 51.0
custom_minimum_size = Vector2( 0, 48 )
focus_mode = 0
mouse_default_cursor_shape = 2
theme_override_styles/focus = ExtResource( 16 )
focus_mode = 0
icon = ExtResource( 12 )
flat = true
__meta__ = {
"_edit_use_anchors_": true
}

[node name="capLabel" type="Label" parent="CanvasLayer/UI/cap"]
visible = false
anchor_right = 1.0
anchor_bottom = 0.949
offset_left = 48.0
offset_top = 38.0
offset_right = 91.0
offset_bottom = 3.75401
scale = Vector2( 0.48, 0.52 )
text = "Умеренный капиталистический"
__meta__ = {
"_edit_use_anchors_": false
}

[node name="Label" type="Label" parent="CanvasLayer/UI/cap"]
offset_left = 75.0
offset_top = 15.0
offset_right = 156.0
offset_bottom = 32.0
scale = Vector2( 0.85, 0.85 )
text = "ТРИУМФО"
__meta__ = {
"_edit_use_anchors_": true
}

[node name="cap_real_rect" type="TextureRect" parent="CanvasLayer/UI/cap"]
anchor_left = 0.029
anchor_right = 0.979
anchor_bottom = 0.955
offset_left = 0.0502906
offset_top = 37.0
offset_right = 7.00027
offset_bottom = 0.43
scale = Vector2( 0.967, 0.97 )
texture = ExtResource( 10 )
__meta__ = {
"_edit_use_anchors_": true
}

[node name="cap_com_rect" type="TextureRect" parent="CanvasLayer/UI/cap"]
visible = false
anchor_left = 0.027
anchor_right = 0.977
anchor_bottom = 0.955
offset_left = 0.0870609
offset_top = 37.0
offset_right = 7.03705
offset_bottom = 0.429996
scale = Vector2( 0.967, 0.97 )
texture = ExtResource( 21 )
__meta__ = {
"_edit_use_anchors_": true
}

[node name="mezo_regions" type="Button" parent="CanvasLayer/UI"]
offset_left = 633.0
offset_top = -3.0
offset_right = 693.0
offset_bottom = 51.0
tooltip_text = "Мезорегионы"
mouse_default_cursor_shape = 2
icon = ExtResource( 9 )
flat = true
__meta__ = {
"_edit_use_anchors_": true
}

[node name="quick_actions" type="Button" parent="CanvasLayer/UI"]
anchor_left = 1.0
anchor_right = 1.0
offset_left = -249.08
offset_top = -2.87686
offset_right = -189.08
offset_bottom = 51.1231
tooltip_text = "Быстрые действия"
mouse_default_cursor_shape = 2
icon = ExtResource( 25 )
flat = true
__meta__ = {
"_edit_use_anchors_": false,
"_editor_description_": ""
}

[node name="notifications" type="Button" parent="CanvasLayer/UI"]
anchor_left = 1.0
anchor_right = 1.0
offset_left = -300.08
offset_top = -2.87686
offset_right = -240.08
offset_bottom = 51.1231
tooltip_text = "Уведомления"
mouse_default_cursor_shape = 2
icon = ExtResource( 26 )
flat = true
__meta__ = {
"_edit_use_anchors_": false,
"_editor_description_": ""
}

[node name="search" type="Button" parent="CanvasLayer/UI"]
anchor_left = 1.0
anchor_right = 1.0
offset_left = -351.08
offset_top = -2.87686
offset_right = -291.08
offset_bottom = 51.1231
tooltip_text = "Поиск"
mouse_default_cursor_shape = 2
icon = ExtResource( 27 )
flat = true
__meta__ = {
"_edit_use_anchors_": false,
"_editor_description_": ""
}

[node name="user" type="Button" parent="CanvasLayer/UI"]
anchor_left = 1.0
anchor_right = 1.0
offset_left = -198.188
offset_top = -3.17015
offset_right = 5.81201
offset_bottom = 51.8298
tooltip_text = "Вкладка пользователя"
mouse_default_cursor_shape = 2
icon = ExtResource( 28 )
flat = true
__meta__ = {
"_edit_use_anchors_": true
}

[node name="Label" type="Label" parent="CanvasLayer/UI/user"]
offset_left = 47.0
offset_top = 18.0
offset_right = 152.0
offset_bottom = 35.0
scale = Vector2( 0.85, 0.85 )
text = "Моя планета"
__meta__ = {
"_edit_use_anchors_": false
}

[node name="news" type="Button" parent="CanvasLayer/UI"]
offset_left = 702.61
offset_top = -3.46329
offset_right = 762.61
offset_bottom = 50.5367
tooltip_text = "Новости"
mouse_default_cursor_shape = 2
icon = ExtResource( 15 )
flat = true
__meta__ = {
"_edit_use_anchors_": true
}

[node name="communities" type="Button" parent="CanvasLayer/UI"]
offset_left = 754.0
offset_top = -3.0
offset_right = 814.0
offset_bottom = 51.0
tooltip_text = "Сообщества"
mouse_default_cursor_shape = 2
icon = ExtResource( 18 )
flat = true
__meta__ = {
"_edit_use_anchors_": true
}

[node name="academy" type="Button" parent="CanvasLayer/UI"]
offset_left = 805.0
offset_top = -3.0
offset_right = 865.0
offset_bottom = 51.0
tooltip_text = "Академия"
mouse_default_cursor_shape = 2
icon = ExtResource( 20 )
flat = true
__meta__ = {
"_edit_use_anchors_": true
}

[node name="encyclopedia" type="Button" parent="CanvasLayer/UI"]
offset_left = 856.0
offset_top = -3.0
offset_right = 916.0
offset_bottom = 51.0
tooltip_text = "Энциклопедия"
mouse_default_cursor_shape = 2
icon = ExtResource( 19 )
flat = true
__meta__ = {
"_edit_use_anchors_": true
}

[node name="komerco" type="Button" parent="CanvasLayer/UI"]
offset_left = -5.6745
offset_top = 405.259
offset_right = 54.3255
offset_bottom = 459.259
tooltip_text = "Торговая система"
mouse_default_cursor_shape = 2
icon = ExtResource( 38 )
flat = true
__meta__ = {
"_edit_use_anchors_": false
}

[node name="Profilo" parent="CanvasLayer/UI" instance=ExtResource( 3 )]
offset_left = -6.48626
offset_top = -3.12716
offset_right = 53.5137
offset_bottom = 50.8728
custom_minimum_size = Vector2( 48, 48 )
tooltip_text = "Профиль"
focus_mode = 0
mouse_default_cursor_shape = 2
focus_mode = 0
icon = ExtResource( 23 )
flat = true

[node name="Popup_profilo" type="Popup" parent="CanvasLayer/UI"]
anchor_right = 1.0
anchor_bottom = 1.0
__meta__ = {
"_edit_lock_": true,
"_edit_use_anchors_": false
}

[node name="profilo1" parent="CanvasLayer/UI/Popup_profilo" instance=ExtResource( 5 )]
anchor_left = 0.5
anchor_top = 0.5
anchor_right = 0.5
anchor_bottom = 0.5
offset_left = -148.0
offset_top = -102.0
offset_right = -148.0
offset_bottom = -102.0

[node name="ad" parent="CanvasLayer/UI" instance=ExtResource( 17 )]
offset_left = -6.0
offset_top = 48.0
offset_right = 54.0
offset_bottom = 102.0
custom_minimum_size = Vector2( 48, 48 )
tooltip_text = "Рекламная информация"
focus_mode = 0
mouse_default_cursor_shape = 2
focus_mode = 0
icon = ExtResource( 29 )
flat = true

[node name="Taskoj" parent="CanvasLayer/UI" instance=ExtResource( 7 )]
offset_left = -5.85773
offset_top = 251.699
offset_right = 54.1423
offset_bottom = 305.699
grow_horizontal = 2
grow_vertical = 2
custom_minimum_size = Vector2( 48, 48 )
tooltip_text = "Задачи"
focus_mode = 0
mouse_default_cursor_shape = 2
focus_mode = 0
icon = ExtResource( 33 )
flat = true
expand_icon = false

[node name="RCentro" parent="CanvasLayer/UI" instance=ExtResource( 8 )]
offset_left = -5.63028
offset_top = 201.22
offset_right = 54.3697
offset_bottom = 255.22
custom_minimum_size = Vector2( 48, 48 )
tooltip_text = "Ресурсный центр"
focus_mode = 0
mouse_default_cursor_shape = 2
focus_mode = 0
icon = ExtResource( 30 )
flat = true

[node name="Objektoj" parent="CanvasLayer/UI" instance=ExtResource( 17 )]
offset_left = -5.5298
offset_top = 98.8211
offset_right = 54.4702
offset_bottom = 152.821
custom_minimum_size = Vector2( 48, 48 )
tooltip_text = "Объекты"
focus_mode = 0
mouse_default_cursor_shape = 2
focus_mode = 0
icon = ExtResource( 32 )
flat = true

[node name="b_itinero" type="Button" parent="CanvasLayer/UI"]
offset_left = -6.21405
offset_top = 150.131
offset_right = 53.7859
offset_bottom = 204.131
tooltip_text = "Навигационный центр"
mouse_default_cursor_shape = 2
icon = ExtResource( 31 )
flat = true
__meta__ = {
"_edit_use_anchors_": true
}

[node name="interago" type="Button" parent="CanvasLayer/UI"]
offset_left = -6.38464
offset_top = 302.756
offset_right = 53.6154
offset_bottom = 356.756
tooltip_text = "Центр взаимодействия"
mouse_default_cursor_shape = 2
icon = ExtResource( 34 )
flat = true
__meta__ = {
"_edit_use_anchors_": true
}

[node name="tempo_informpeto" type="Button" parent="CanvasLayer/UI"]
anchor_left = 0.000662165
anchor_top = 0.424847
anchor_right = 0.000662165
anchor_bottom = 0.424847
offset_left = -6.38464
offset_top = 302.756
offset_right = 53.6154
offset_bottom = 356.756
tooltip_text = "Среднее время запросов"
mouse_default_cursor_shape = 2
icon = ExtResource( 34 )
flat = true
__meta__ = {
"_edit_use_anchors_": true
}

[node name="konservejo" type="Button" parent="CanvasLayer/UI"]
anchor_top = 0.164814
anchor_bottom = 0.164814
offset_left = -6.38464
offset_top = 325.0
offset_right = 53.6154
offset_bottom = 356.756
tooltip_text = "Трюмы и склады"
mouse_default_cursor_shape = 2
icon = ExtResource( 34 )
flat = true
__meta__ = {
"_edit_use_anchors_": true
}

[node name="indicoj" type="Button" parent="CanvasLayer/UI"]
anchor_top = 0.255196
anchor_bottom = 0.255196
offset_left = -6.38464
offset_top = 302.756
offset_right = 53.6154
offset_bottom = 356.756
tooltip_text = "Показатели корабля"
mouse_default_cursor_shape = 2
icon = ExtResource( 34 )
flat = true
__meta__ = {
"_edit_use_anchors_": true
}

[node name="proprietajxo" type="Button" parent="CanvasLayer/UI"]
anchor_top = 0.340409
anchor_bottom = 0.340409
offset_left = -6.38464
offset_top = 302.756
offset_right = 53.6154
offset_bottom = 356.756
tooltip_text = "Имущество"
mouse_default_cursor_shape = 2
icon = ExtResource( 34 )
flat = true
__meta__ = {
"_edit_use_anchors_": true
}

[node name="eliro" type="Button" parent="CanvasLayer/UI"]
offset_left = -6.38464
offset_top = 353.756
offset_right = 53.6154
offset_bottom = 407.756
tooltip_text = "Выход"
mouse_default_cursor_shape = 2
icon = ExtResource( 36 )
flat = true
__meta__ = {
"_edit_use_anchors_": false
}

[node name="administri" type="Button" parent="CanvasLayer/UI"]
visible = false
anchor_left = 0.000133781
anchor_top = 0.702843
anchor_right = 0.000133781
anchor_bottom = 0.702843
offset_left = -6.21405
offset_top = 150.131
offset_right = 53.7859
offset_bottom = 204.131
tooltip_text = "Навигационный центр"
mouse_default_cursor_shape = 2
icon = ExtResource( 31 )
flat = true
__meta__ = {
"_edit_use_anchors_": true
}

[node name="UI" type="Control" parent="CanvasLayer/UI"]
offset_right = 40.0
offset_bottom = 40.0
__meta__ = {
"_edit_use_anchors_": false
}

[node name="komerco" parent="CanvasLayer/UI/UI" instance=ExtResource( 39 )]
offset_left = -2.67444
offset_top = 49.254
offset_right = -2.67444
offset_bottom = 49.254

[node name="Taskoj" parent="CanvasLayer/UI/UI" instance=ExtResource( 1 )]
offset_left = 145.972
offset_top = 300.045
offset_right = 145.972
offset_bottom = 300.045

[node name="ad_1" parent="CanvasLayer/UI/UI" instance=ExtResource( 24 )]
visible = true
offset_left = -6.0
offset_top = 48.0
offset_right = -6.0
offset_bottom = 48.0

[node name="interago" parent="CanvasLayer/UI/UI" instance=ExtResource( 35 )]
anchor_left = 17.176
anchor_top = -5.634
anchor_right = 17.176
anchor_bottom = -5.634
offset_left = -546.399
offset_top = 293.518
offset_right = -546.399
offset_bottom = 293.518

[node name="tempo_informpeto" parent="CanvasLayer/UI/UI" instance=ExtResource( 44 )]
offset_left = -5.32518
offset_top = 641.784
offset_right = -5.32518
offset_bottom = 641.784

[node name="indicoj" parent="CanvasLayer/UI/UI" instance=ExtResource( 42 )]
offset_left = 193.615
offset_top = 706.402
offset_right = 193.615
offset_bottom = 706.402

[node name="konservejo" parent="CanvasLayer/UI/UI" instance=ExtResource( 41 )]
offset_left = -6.38464
offset_top = 434.278
offset_right = -6.38464
offset_bottom = 434.278

[node name="eliro" parent="CanvasLayer/UI/UI" instance=ExtResource( 37 )]
offset_left = -6.38464
offset_top = 353.756
offset_right = 193.615
offset_bottom = 553.756

[node name="Objektoj" parent="CanvasLayer/UI/UI" instance=ExtResource( 11 )]
offset_left = 372.791
offset_top = 238.913
offset_right = 372.791
offset_bottom = 238.913

[node name="main_administri" parent="CanvasLayer/UI/UI" instance=ExtResource( 45 )]
offset_left = -6.0
offset_top = 711.0
offset_right = -6.0
offset_bottom = 711.0

[node name="itinero" parent="CanvasLayer/UI/UI" instance=ExtResource( 46 )]

[node name="demando" parent="CanvasLayer/UI/UI" instance=ExtResource( 6 )]

[node name="proprietajxo" parent="CanvasLayer/UI/UI" instance=ExtResource( 43 )]

[node name="komunikadoj" parent="CanvasLayer" instance=ExtResource( 4 )]
offset_top = 1.68182
offset_bottom = 1.68182

[node name="Timer" type="Timer" parent="."]
wait_time = 60.0
autostart = true

[connection signal="pressed" from="CanvasLayer/UI/real" to="." method="_on_real_pressed"]
[connection signal="pressed" from="CanvasLayer/UI/com" to="." method="_on_com_pressed"]
[connection signal="pressed" from="CanvasLayer/UI/cap" to="." method="_on_cap_pressed"]
[connection signal="button_up" from="CanvasLayer/UI/komerco" to="." method="_on_komerco_button_up"]
[connection signal="pressed" from="CanvasLayer/UI/Profilo" to="." method="_on_Profilo_pressed"]
[connection signal="focus_entered" from="CanvasLayer/UI/Popup_profilo/profilo1" to="CanvasLayer/UI/Popup_profilo/profilo1" method="_on_tipo_a1_focus_entered"]
[connection signal="gui_input" from="CanvasLayer/UI/Popup_profilo/profilo1" to="CanvasLayer/UI/Popup_profilo/profilo1" method="_on_tipo_a1_gui_input"]
[connection signal="mouse_entered" from="CanvasLayer/UI/Popup_profilo/profilo1" to="CanvasLayer/UI/Popup_profilo/profilo1" method="_on_tipo_a1_mouse_entered"]
[connection signal="script_changed" from="CanvasLayer/UI/Popup_profilo/profilo1" to="CanvasLayer/UI/Popup_profilo/profilo1" method="_on_fenestroj_script_changed"]
[connection signal="size_flags_changed" from="CanvasLayer/UI/Popup_profilo/profilo1" to="CanvasLayer/UI/Popup_profilo/profilo1" method="_on_tipo_a1_size_flags_changed"]
[connection signal="pressed" from="CanvasLayer/UI/ad" to="." method="_on_ad_pressed"]
[connection signal="pressed" from="CanvasLayer/UI/Taskoj" to="." method="_on_Taskoj_pressed"]
[connection signal="pressed" from="CanvasLayer/UI/Objektoj" to="." method="_on_Objektoj_pressed"]
[connection signal="pressed" from="CanvasLayer/UI/b_itinero" to="." method="_on_b_itinero_pressed"]
[connection signal="pressed" from="CanvasLayer/UI/interago" to="." method="_on_interago_pressed"]
[connection signal="pressed" from="CanvasLayer/UI/tempo_informpeto" to="." method="_on_tempo_informpeto_pressed"]
[connection signal="pressed" from="CanvasLayer/UI/konservejo" to="." method="_on_konservejo_pressed"]
[connection signal="pressed" from="CanvasLayer/UI/indicoj" to="." method="_on_indicoj_pressed"]
[connection signal="pressed" from="CanvasLayer/UI/proprietajxo" to="." method="_on_items_pressed"]
[connection signal="button_up" from="CanvasLayer/UI/eliro" to="." method="_on_eliro_button_up"]
[connection signal="pressed" from="CanvasLayer/UI/administri" to="." method="_on_administri_pressed"]
[connection signal="focus_entered" from="CanvasLayer/UI/UI/komerco" to="CanvasLayer/UI/UI/komerco" method="_on_tipo_a1_focus_entered"]
[connection signal="gui_input" from="CanvasLayer/UI/UI/komerco" to="CanvasLayer/UI/UI/komerco" method="_on_tipo_a1_gui_input"]
[connection signal="mouse_entered" from="CanvasLayer/UI/UI/komerco" to="CanvasLayer/UI/UI/komerco" method="_on_tipo_a1_mouse_entered"]
[connection signal="script_changed" from="CanvasLayer/UI/UI/komerco" to="CanvasLayer/UI/UI/komerco" method="_on_fenestroj_script_changed"]
[connection signal="size_flags_changed" from="CanvasLayer/UI/UI/komerco" to="CanvasLayer/UI/UI/komerco" method="_on_tipo_a1_size_flags_changed"]
[connection signal="focus_entered" from="CanvasLayer/UI/UI/Taskoj" to="CanvasLayer/UI/UI/Taskoj" method="_on_tipo_a1_focus_entered"]
[connection signal="gui_input" from="CanvasLayer/UI/UI/Taskoj" to="CanvasLayer/UI/UI/Taskoj" method="_on_tipo_a1_gui_input"]
[connection signal="mouse_entered" from="CanvasLayer/UI/UI/Taskoj" to="CanvasLayer/UI/UI/Taskoj" method="_on_tipo_a1_mouse_entered"]
[connection signal="script_changed" from="CanvasLayer/UI/UI/Taskoj" to="CanvasLayer/UI/UI/Taskoj" method="_on_fenestroj_script_changed"]
[connection signal="size_flags_changed" from="CanvasLayer/UI/UI/Taskoj" to="CanvasLayer/UI/UI/Taskoj" method="_on_tipo_a1_size_flags_changed"]
[connection signal="focus_entered" from="CanvasLayer/UI/UI/interago" to="CanvasLayer/UI/UI/interago" method="_on_tipo_a1_focus_entered"]
[connection signal="gui_input" from="CanvasLayer/UI/UI/interago" to="CanvasLayer/UI/UI/interago" method="_on_tipo_a1_gui_input"]
[connection signal="mouse_entered" from="CanvasLayer/UI/UI/interago" to="CanvasLayer/UI/UI/interago" method="_on_tipo_a1_mouse_entered"]
[connection signal="script_changed" from="CanvasLayer/UI/UI/interago" to="CanvasLayer/UI/UI/interago" method="_on_fenestroj_script_changed"]
[connection signal="size_flags_changed" from="CanvasLayer/UI/UI/interago" to="CanvasLayer/UI/UI/interago" method="_on_tipo_a1_size_flags_changed"]
[connection signal="focus_entered" from="CanvasLayer/UI/UI/tempo_informpeto" to="CanvasLayer/UI/UI/tempo_informpeto" method="_on_tipo_a1_focus_entered"]
[connection signal="gui_input" from="CanvasLayer/UI/UI/tempo_informpeto" to="CanvasLayer/UI/UI/tempo_informpeto" method="_on_tipo_a1_gui_input"]
[connection signal="mouse_entered" from="CanvasLayer/UI/UI/tempo_informpeto" to="CanvasLayer/UI/UI/tempo_informpeto" method="_on_tipo_a1_mouse_entered"]
[connection signal="script_changed" from="CanvasLayer/UI/UI/tempo_informpeto" to="CanvasLayer/UI/UI/tempo_informpeto" method="_on_fenestroj_script_changed"]
[connection signal="size_flags_changed" from="CanvasLayer/UI/UI/tempo_informpeto" to="CanvasLayer/UI/UI/tempo_informpeto" method="_on_tipo_a1_size_flags_changed"]
[connection signal="focus_entered" from="CanvasLayer/UI/UI/indicoj" to="CanvasLayer/UI/UI/indicoj" method="_on_tipo_a1_focus_entered"]
[connection signal="gui_input" from="CanvasLayer/UI/UI/indicoj" to="CanvasLayer/UI/UI/indicoj" method="_on_tipo_a1_gui_input"]
[connection signal="mouse_entered" from="CanvasLayer/UI/UI/indicoj" to="CanvasLayer/UI/UI/indicoj" method="_on_tipo_a1_mouse_entered"]
[connection signal="script_changed" from="CanvasLayer/UI/UI/indicoj" to="CanvasLayer/UI/UI/indicoj" method="_on_fenestroj_script_changed"]
[connection signal="size_flags_changed" from="CanvasLayer/UI/UI/indicoj" to="CanvasLayer/UI/UI/indicoj" method="_on_tipo_a1_size_flags_changed"]
[connection signal="focus_entered" from="CanvasLayer/UI/UI/Objektoj" to="CanvasLayer/UI/UI/Objektoj" method="_on_tipo_a1_focus_entered"]
[connection signal="gui_input" from="CanvasLayer/UI/UI/Objektoj" to="CanvasLayer/UI/UI/Objektoj" method="_on_tipo_a1_gui_input"]
[connection signal="mouse_entered" from="CanvasLayer/UI/UI/Objektoj" to="CanvasLayer/UI/UI/Objektoj" method="_on_tipo_a1_mouse_entered"]
[connection signal="size_flags_changed" from="CanvasLayer/UI/UI/Objektoj" to="CanvasLayer/UI/UI/Objektoj" method="_on_tipo_a1_size_flags_changed"]
[connection signal="focus_entered" from="CanvasLayer/UI/UI/main_administri" to="CanvasLayer/UI/UI/main_administri" method="_on_tipo_a1_focus_entered"]
[connection signal="gui_input" from="CanvasLayer/UI/UI/main_administri" to="CanvasLayer/UI/UI/main_administri" method="_on_tipo_a1_gui_input"]
[connection signal="mouse_entered" from="CanvasLayer/UI/UI/main_administri" to="CanvasLayer/UI/UI/main_administri" method="_on_tipo_a1_mouse_entered"]
[connection signal="script_changed" from="CanvasLayer/UI/UI/main_administri" to="CanvasLayer/UI/UI/main_administri" method="_on_fenestroj_script_changed"]
[connection signal="size_flags_changed" from="CanvasLayer/UI/UI/main_administri" to="CanvasLayer/UI/UI/main_administri" method="_on_tipo_a1_size_flags_changed"]
[connection signal="focus_entered" from="CanvasLayer/UI/UI/itinero" to="CanvasLayer/UI/UI/itinero" method="_on_tipo_a1_focus_entered"]
[connection signal="gui_input" from="CanvasLayer/UI/UI/itinero" to="CanvasLayer/UI/UI/itinero" method="_on_tipo_a1_gui_input"]
[connection signal="mouse_entered" from="CanvasLayer/UI/UI/itinero" to="CanvasLayer/UI/UI/itinero" method="_on_tipo_a1_mouse_entered"]
[connection signal="size_flags_changed" from="CanvasLayer/UI/UI/itinero" to="CanvasLayer/UI/UI/itinero" method="_on_tipo_a1_size_flags_changed"]
[connection signal="timeout" from="Timer" to="." method="_on_Timer_timeout"]
